@article{Lin1973,
	Author = {Shen Lin and Brian W. Kernighan},
	Journal = {Operations Research},
	Pages = {498--516},
	Title = {An Effective Heuristic Algorithm for the Travelling-Salesman Problem},
	Volume = {21},
	Year = {1973}}

@online{mqtt,
	Author = {OASIS MQTT Technical Comitee},
	Note = {[Online; Stand 11. April 2023]},
	Title = {Z-Stack Monitor and Test API},
	Url = {https://github.com/koenkk/zigbee-herdsman/raw/master/docs/Z-Stack%20Monitor%20and%20Test%20API.pdf},
	Year = {2019}}

@online{z2m,
	Author = {Koen Kanters},
	Date-Modified = {2015-01-16},
	Note = {[Online; Stand 03. Oktober 2022]},
	Title = {zigbee2mqtt},
	Url = {https://www.zigbee2mqtt.io/},
	Year = {2022}}

@online{nginxpm,
	Author = {Jason Wilder},
	Date-Modified = {2015-01-16},
	Note = {[Online; Stand 03. Oktober 2022]},
	Title = {nginx-proxy},
	Url = {https://github.com/nginx-proxy/nginx-proxy},
	Year = {2022}}

@online{zigbee,
	Author = {ZigBee Alliance},
	Note = {[Online; Stand 10. April 2023]},
	Title = {Zigbee Standard},
	Url = {https://zigbeealliance.org/wp-content/uploads/2019/11/docs-05-3474-21-0csg-zigbee-specification.pdf},
	Year = {2015}}

@online{thread,
	Author = {Google},
	Note = {[Online; Stand 12. April 2023]},
	Title = {Thread Standard},
	Url = {https://openthread.io/guides/thread-primer},
	Year = {2023}}

@online{zwave,
	Author = {zwave},
	Note = {[Online; Stand 12. April 2023]},
	Title = {Z-WAVE Standard},
	Url = {https://z-wavealliance.org/technology-overview/},
	Year = {2023}}



@online{lrwpan,
	Author = {IEEE},
	Note = {[Online; Stand 12. April 2023]},
	Title = {802.15.4 Standard},
	Url = {https://ieeexplore.ieee.org/document/9144691},
	Year = {2023}}
