@article{Lin1973,
	Author = {Shen Lin and Brian W. Kernighan},
	Journal = {Operations Research},
	Pages = {498--516},
	Title = {An Effective Heuristic Algorithm for the Travelling-Salesman Problem},
	Volume = {21},
	Year = {1973}}

@online{hivemq,
	Author = {HiveMQ},
	Date-Modified = {2015-01-12},
	Note = {[Online; Stand 29. April 2022]},
	Title = {Introducing the MQTT Protocol - MQTT Essentials: Part 1},
	Url = {https://www.hivemq.com/blog/mqtt-essentials-part-1-introducing-mqtt/},
	Year = {2012}}


@online{amazonecho,
	Author = {Amazon},
	Date-Modified = {2015-01-16},
	Note = {[Online; Stand 03. Oktober 2022]},
	Title = {Understand Smarthome Zigbee Support},
	Url = {https://developer.amazon.com/en-US/docs/alexa/smarthome/zigbee-support.html},
	Year = {2012}}

@online{zstack,
	Author = {Texas Instruments},
	Date-Modified = {2015-01-16},
	Note = {[Online; Stand 05. Oktober 2017]},
	Title = {Z-Stack Monitor and Test API},
	Url = {https://github.com/koenkk/zigbee-herdsman/raw/master/docs/Z-Stack%20Monitor%20and%20Test%20API.pdf},
	Year = {2012}}

@online{z2m,
	Author = {Texas Instruments},
	Date-Modified = {2015-01-16},
	Note = {[Online; Stand 03. Oktober 2022]},
	Title = {zigbee2mqtt},
	Url = {https://www.zigbee2mqtt.io/},
	Year = {2022}}

@online{nginxpm,
	Author = {Jason Wilder},
	Date-Modified = {2015-01-16},
	Note = {[Online; Stand 03. Oktober 2022]},
	Title = {nginx-proxy},
	Url = {https://github.com/nginx-proxy/nginx-proxy},
	Year = {2022}}



https://www.zigbee2mqtt.io/